@article{roy2022generalizations,
  title={On Generalizations of Some Distance Based Classifiers for {HDLSS} Data},
  author={Roy, Sarbojit and Sarkar, Soham and Dutta, Subhajit and Ghosh, Anil K},
  journal={Journal of Machine Learning Research},
  volume={23},
  number={14},
  pages={1--41},
  year={2022}
}

@article{SBG2020,
	title={On high-dimensional modifications of some graph-based two-sample tests},
	author={Sarkar, Soham and Biswas, Rahul and Ghosh, Anil K},
	journal={Machine Learning},
	volume={109},
	pages={279-306},
	year={2020},
	publisher={Springer}
}

@article{ASSYZM18,
	title={A survey of high dimension low sample size asymptotics},
	author={Aoshima, Makoto and Shen, Dan and Shen, Haipeng and Yata, Kazuyoshi and Zhou, Yi-Hui and Marron, JS},
	journal={Australian \& New Zealand Journal of Statistics},
	volume={60},
	number={1},
	pages={4--19},
	year={2018},
	publisher={Wiley Online Library}
}
@article{SG2017,
  title={On perfect clustering of high dimension, low sample size data},
  author={Sarkar, Soham and Ghosh, Anil K},
  journal={arXiv preprint arXiv:1612.09121},
  year={2017}
}
@book{Chung2001,
  title={A course in probability theory},
  author={Chung, Kai Lai},
  year={2001},
  publisher={Academic Press}
}
@article{DG2016,
  title={On some transformations of high dimension, low sample size data for nearest neighbor classification},
  author={Dutta, Subhajit and Ghosh, Anil K},
  journal={Machine Learning},
  volume={102},
  number={1},
  pages={57--83},
  year={2016},
  publisher={Springer}
}
@article{CH2009,
  title={Scale adjustments for classifiers in high-dimensional, low sample size settings},
  author={Chan, Yao-Ban and Hall, Peter},
  journal={Biometrika},
  volume={96},
  number={2},
  pages={469--478},
  year={2009},
  publisher={Oxford University Press}
}
@book {DGL2013,
    AUTHOR = {Devroye, Luc and Gy\"{o}rfi, L\'{a}szl\'{o} and Lugosi, G\'{a}bor},
     TITLE = {A Probabilistic Theory of Pattern Recognition},
 PUBLISHER = {Springer-Verlag, New York},
      YEAR = {1996}
}
@article{PMG2016,
  title={High dimensional nearest neighbor classification based on mean absolute differences of inter-point distances},
  author={Pal, Arnab K and Mondal, Pronoy K and Ghosh, Anil K},
  journal={Pattern Recognition Letters},
  volume={74},
  pages={1--8},
  year={2016},
  publisher={Elsevier}
}
@article{BF10,
  Author = {Baringhaus, L. and Franz, C.},
  Title = {Rigid motion invariant two-sample tests},
  Journal = {Statistica Sinica},
  Volume = {20},
  Number = {4},
  Year = {2010},
  Pages = {1333--1361},
  Keywords = {Cramer test, bootstrap in the limit, multivariate two-sample tests, rigid motion invariance}
}
@article{HMN05,
title = {Geometric representation of high dimension, low sample size data},
author = {Hall, Peter and Marron, J. S. and Neeman, Amnon},
year = {2005},
journal = {Journal of the Royal Statistical Society Series B},
volume = {67},
number = {3},
pages = {427-444},
url = {https://EconPapers.repec.org/RePEc:bla:jorssb:v:67:y:2005:i:3:p:427-444}
}
@article{CH67, 
author={T. Cover and P. Hart}, 
journal={IEEE Transactions on Information Theory}, 
title={Nearest neighbor pattern classification}, 
year={1967}, 
volume={13}, 
number={1}, 
pages={21-27}, 
keywords={Pattern classification}, 
doi={10.1109/TIT.1967.1053964}, 
ISSN={0018-9448}, 
month={January}
}
@article{KG2013,
author = {Debasis Kundu and Rameshwar D. Gupta },
title = {Power-normal distribution},
journal = {Statistics},
volume = {47},
number = {1},
pages = {110-125},
year  = {2013},
publisher = {Taylor & Francis},
doi = {10.1080/02331888.2011.568620},
URL = {https://doi.org/10.1080/02331888.2011.568620},
eprint = {https://doi.org/10.1080/02331888.2011.568620}
}
@article{MMB2009,
author = {Nicolai Meinshausen and Lukas Meier and Peter B{\"u}hlmann},
title = {p-Values for High-Dimensional Regression},
journal = {Journal of the American Statistical Association},
volume = {104},
number = {488},
pages = {1671-1681},
year  = {2009},
publisher = {Taylor & Francis},
doi = {10.1198/jasa.2009.tm08647},
URL = {https://doi.org/10.1198/jasa.2009.tm08647},
eprint = {https://doi.org/10.1198/jasa.2009.tm08647}
}
@misc{UCRArchive2018,
       title = {The {UCR} Time Series Classification Archive},
       author = {Dau, Hoang Anh and Keogh, Eamonn and Kamgar, Kaveh and Yeh, Chin-Chia Michael and Zhu, Yan 
                 and Gharghabi, Shaghayegh and Ratanamahatana, Chotirat Ann and Yanping and Hu, Bing 
                 and Begum, Nurjahan and Bagnall, Anthony and Mueen, Abdullah and Batista, Gustavo},
       year = {2018},
       month = {October},
       note = {\url{https://www.cs.ucr.edu/~eamonn/time_series_data_2018/}}
   }
@article{heller2012consistent,
  title={A consistent multivariate test of association based on ranks of distances},
  author={Heller, Ruth and Heller, Yair and Gorfine, Malka},
  journal={Biometrika},
  volume={100},
  number={2},
  pages={503--510},
  year={2012},
  publisher={Oxford University Press}
}
@article{hall2008choice,
  title={Choice of neighbor order in nearest-neighbor classification},
  author={Hall, Peter and Park, Byeong U and Samworth, Richard J and others},
  journal={The Annals of Statistics},
  volume={36},
  number={5},
  pages={2135--2152},
  year={2008},
  publisher={Institute of Mathematical Statistics}
}
@article{chan2009robust,
  title={Robust nearest-neighbor methods for classifying high-dimensional data},
  author={Chan, Yao-Ban and Hall, Peter},
  journal={The Annals of Statistics},
  volume={37},
  number = {6A},
  pages={3186--3203},
  year={2009},
  publisher={JSTOR}
}
@article{bradley2005basic,
  title={Basic properties of strong mixing conditions. A survey and some open questions},
  author={Bradley, Richard C},
  journal={Probability Surveys},
  volume={2},
  pages={107--144},
  year={2005},
  publisher={The Institute of Mathematical Statistics and the Bernoulli Society}
}
@book{Bradley2007,
	title={Introduction to Strong Mixing Conditions},
	author={Bradley, Richard C},
	year={2007},
	publisher={Heber City: Kendrick Press}
}
@article{ahn2007high,
  title={The high-dimension, low-sample-size geometric representation holds under mild conditions},
  author={Ahn, Jeongyoun and Marron, JS and Muller, Keith M and Chi, Yueh-Yun},
  journal={Biometrika},
  volume={94},
  number={3},
  pages={760--766},
  year={2007},
  publisher={Oxford University Press}
}
@article{jung2009pca,
  title={{PCA} consistency in high dimension, low sample size context},
  author={Jung, Sungkyu and Marron, J Stephen},
  journal={The Annals of Statistics},
  volume={37},
  number={6B},
  pages={4104--4130},
  year={2009},
  publisher={Institute of Mathematical Statistics}
}
@article{breiman2001random,
  title={Random forests},
  author={Breiman, Leo},
  journal={Machine Learning},
  volume={45},
  number={1},
  pages={5--32},
  year={2001},
  publisher={Springer}
}
@inproceedings{deegalla2006reducing,
  title={Reducing high-dimensional data by principal component analysis vs. random projection for nearest neighbor classification},
  author={Deegalla, Sampath and Bostrom, Henrik},
  booktitle={2006 5th International Conference on Machine Learning and Applications (ICMLA'06)},
  pages={245--250},
  year={2006},
  organization={IEEE}
}
@book{friedman2001elements,
  title={The Elements of Statistical Learning},
  author={Friedman, Jerome and Hastie, Trevor and Tibshirani, Robert},
  volume={1},
  number={10},
  year={2001},
  publisher={Springer Series in Statistics: New York}
}

@book{hastie2009elements,
    AUTHOR = {Hastie, Trevor and Tibshirani, Robert and Friedman, Jerome},
     TITLE = {The Elements of Statistical Learning: Data mining, Inference, and Prediction},
 PUBLISHER = {Springer, New York},
      YEAR = {2009}
}

@book{vapnik1998statistical,
  title={Statistical Learning Theory},
  author={Vapnik, Vladimir},
  journal={Inc., New York},
  year={1998},
  publisher={John Wiley \& Sons}
}
@article{10.2307/2346101,
 ISSN = {00359246},
 URL = {http://www.jstor.org/stable/2346101},
 author = {Yoav Benjamini and Yosef Hochberg},
 journal = {Journal of the Royal Statistical Society. Series B (Methodological)},
 number = {1},
 pages = {289--300},
 publisher = {[Royal Statistical Society, Wiley]},
 title = {Controlling the False Discovery Rate: A Practical and Powerful Approach to Multiple Testing},
 volume = {57},
 year = {1995}
}

@article{lance1966computer,
  title={Computer programs for hierarchical polythetic classification (“similarity analyses”)},
  author={Lance, Godfrey N and Williams, William T},
  journal={The Computer Journal},
  volume={9},
  number={1},
  pages={60--64},
  year={1966},
  publisher={The British Computer Society}
}

@article{FCB_2014,
	title={Do we need hundreds of classifiers to solve real world classification problems?},
	author={Fern{\'a}ndez-Delgado, Manuel and Cernadas, Eva and Barro, Sen{\'e}n and Amorim, Dinani},
	journal={The Journal of Machine Learning Research},
	volume={15},
	number={1},
	pages={3133--3181},
	year={2014},
	publisher={JMLR. org}
}

@article{raymaekers2019fast,
	title={Fast robust correlation for high-dimensional data},
	author={Raymaekers, Jakob and Rousseeuw, Peter J},
	journal={Technometrics},
	pages={1--15},
	year={2019},
	publisher={Taylor \& Francis}
}

@incollection{biau2015high,
  title={High-Dimensional $p$-Norms},
  author={Biau, G{\'e}rard and Mason, David M},
  booktitle={Mathematical Statistics and Limit Theorems},
  pages={21--40},
  year={2015},
  publisher={Springer}
}

@inproceedings{aggarwal2001surprising,
  title={On the surprising behavior of distance metrics in high dimensional space},
  author={Aggarwal, Charu C and Hinneburg, Alexander and Keim, Daniel A},
  booktitle={International Conference on Database Theory},
  pages={420--434},
  year={2001},
  organization={Springer}
}

@article{radovanovic2010hubs,
  title={Hubs in space: Popular nearest neighbors in high-dimensional data},
  author={Radovanovi{\'c}, Milo{\v{s}} and Nanopoulos, Alexandros and Ivanovi{\'c}, Mirjana},
  journal={Journal of Machine Learning Research},
  volume={11},
  number={Sep},
  pages={2487--2531},
  year={2010}
}

@article{francois2007concentration,
  title={The concentration of fractional distances},
  author={Francois, Damien and Wertz, Vincent and Verleysen, Michel},
  journal={IEEE Transactions on Knowledge and Data Engineering},
  volume={19},
  number={7},
  pages={873--886},
  year={2007},
  publisher={IEEE}

}

@article{eisen1998cluster,
  title={Cluster analysis and display of genome-wide expression patterns},
  author={Eisen, Michael B and Spellman, Paul T and Brown, Patrick O and Botstein, David},
  journal={Proceedings of the National Academy of Sciences},
  volume={95},
  number={25},
  pages={14863--14868},
  year={1998},
  publisher={National Acad Sciences}
}

@article{faith1996environmental,
  title={Environmental diversity: On the best-possible use of surrogate data for assessing the relative biodiversity of sets of areas},
  author={Faith, Daniel P and Walker, PA},
  journal={Biodiversity and Conservation},
  volume={5},
  number={4},
  pages={399--415},
  year={1996},
  publisher={Springer}
}

@article{sarkar2018,
  title={On some high-dimensional two-sample tests based on averages of inter-point distances},
  author={Sarkar, Soham and Ghosh, Anil K},
  journal={Stat},
  volume={7},
  number={1},
  pages={e187},
  year={2018},
  publisher={Wiley Online Library}
}

@article{sarkar2020,
  title={On some graph-based two-sample tests for high dimension, low sample size data},
  author={Sarkar, Soham and Biswas, Rahul and Ghosh, Anil K},
  journal={Machine Learning},
  volume={109},
  number={2},
  pages={279--306},
  year={2020},
  publisher={Springer}
}

@article{boudt2020minimum,
  title={The minimum regularized covariance determinant estimator},
  author={Boudt, Kris and Rousseeuw, Peter J and Vanduffel, Steven and Verdonck, Tim},
  journal={Statistics and Computing},
  volume={30},
  number={1},
  pages={113--128},
  year={2020},
  publisher={Springer}
}

@book {MR0270403,
    AUTHOR = {Feller, William},
     TITLE = {An Introduction to Probability Theory and its Applications.
              {V}ol. {II} },
    SERIES = {Second edition},
 PUBLISHER = {John Wiley \& Sons, Inc., New York-London-Sydney},
      YEAR = {1971},
     PAGES = {xxiv+669},
   MRCLASS = {60.00},
  MRNUMBER = {0270403},
}

@article{arcones1995bernstein,
  title={A {B}ernstein-type {I}nequality for {U}-statistics and {U}-processes},
  author={Arcones, Miguel A},
  journal={Statistics \& Probability Letters},
  volume={22},
  number={3},
  pages={239--247},
  year={1995},
  publisher={Elsevier}
}



@book{bradley2007introduction,
  title={Introduction to Strong Mixing Conditions},
  author={Bradley, Richard C},
  year={2007},
  publisher={Kendrick Press}
}

@article{rizzo2016energy,
  title={Energy distance},
  author={Rizzo, Maria L and Sz{\'e}kely, G{\'a}bor J},
  journal={wiley interdisciplinary reviews: Computational statistics},
  volume={8},
  number={1},
  pages={27--38},
  year={2016},
  publisher={Wiley Online Library}
}

@article{lyons2013distance,
  title={Distance covariance in metric spaces},
  author={Lyons, Russell and others},
  journal={The Annals of Probability},
  volume={41},
  number={5},
  pages={3284--3305},
  year={2013},
  publisher={Institute of Mathematical Statistics}
}

@article{baringhaus2010rigid,
  title={Rigid motion invariant two-sample tests},
  author={Baringhaus, Ludwig and Franz, Carsten},
  journal={Statistica Sinica},
  pages={1333--1361},
  year={2010},
  publisher={JSTOR}
}

@article{fan2008high,
  title={High dimensional classification using features annealed independence rules},
  author={Fan, Jianqing and Fan, Yingying},
  journal={Annals of statistics},
  volume={36},
  number={6},
  pages={2605},
  year={2008},
  publisher={NIH Public Access}
}

@article{fan2008sure,
  title={Sure independence screening for ultrahigh dimensional feature space},
  author={Fan, Jianqing and Lv, Jinchi},
  journal={Journal of the Royal Statistical Society: Series B (Statistical Methodology)},
  volume={70},
  number={5},
  pages={849--911},
  year={2008},
  publisher={Wiley Online Library}
}

@article{fan2009ultrahigh,
  title={Ultrahigh dimensional feature selection: beyond the linear model},
  author={Fan, Jianqing and Samworth, Richard and Wu, Yichao},
  journal={The Journal of Machine Learning Research},
  volume={10},
  pages={2013--2038},
  year={2009},
  publisher={JMLR. org}
}

@article{fan2010sure,
  title={Sure independence screening in generalized linear models with NP-dimensionality},
  author={Fan, Jianqing and Song, Rui and others},
  journal={The Annals of Statistics},
  volume={38},
  number={6},
  pages={3567--3604},
  year={2010},
  publisher={Institute of Mathematical Statistics}
}

@article{zhu2011model,
  title={Model-free feature screening for ultrahigh-dimensional data},
  author={Zhu, Li-Ping and Li, Lexin and Li, Runze and Zhu, Li-Xing},
  journal={Journal of the American Statistical Association},
  volume={106},
  number={496},
  pages={1464--1475},
  year={2011},
  publisher={Taylor \& Francis}
}

@article{fan2011nonparametric,
  title={Nonparametric independence screening in sparse ultra-high-dimensional additive models},
  author={Fan, Jianqing and Feng, Yang and Song, Rui},
  journal={Journal of the American Statistical Association},
  volume={106},
  number={494},
  pages={544--557},
  year={2011},
  publisher={Taylor \& Francis}
}

@article{li2012feature,
  title={Feature screening via distance correlation learning},
  author={Li, Runze and Zhong, Wei and Zhu, Liping},
  journal={Journal of the American Statistical Association},
  volume={107},
  number={499},
  pages={1129--1139},
  year={2012},
  publisher={Taylor \& Francis}
}

@article{li2012robust,
  title={Robust rank correlation based screening},
  author={Li, Gaorong and Peng, Heng and Zhang, Jun and Zhu, Lixing and others},
  journal={The Annals of Statistics},
  volume={40},
  number={3},
  pages={1846--1877},
  year={2012},
  publisher={Institute of Mathematical Statistics}
}

@article{mai2013kolmogorov,
  title={The Kolmogorov filter for variable screening in high-dimensional binary classification},
  author={Mai, Qing and Zou, Hui},
  journal={Biometrika},
  volume={100},
  number={1},
  pages={229--234},
  year={2013},
  publisher={Oxford University Press}
}

@article{cui2015model,
  title={Model-free feature screening for ultrahigh dimensional discriminant analysis},
  author={Cui, Hengjian and Li, Runze and Zhong, Wei},
  journal={Journal of the American Statistical Association},
  volume={110},
  number={510},
  pages={630--641},
  year={2015},
  publisher={Taylor \& Francis}
}

@article{zhong2014robust,
  title={Robust sure independence screening for ultrahigh dimensional non-normal data},
  author={Zhong, Wei},
  journal={Acta Mathematica Sinica, English Series},
  volume={30},
  number={11},
  pages={1885--1896},
  year={2014},
  publisher={Springer}
}

@article{mai2015fused,
  title={The fused Kolmogorov filter: A nonparametric model-free screening method},
  author={Mai, Qing and Zou, Hui and others},
  journal={The Annals of Statistics},
  volume={43},
  number={4},
  pages={1471--1497},
  year={2015},
  publisher={Institute of Mathematical Statistics}
}
@article{pan2016ultrahigh,
  title={Ultrahigh-dimensional multiclass linear discriminant analysis by pairwise sure independence screening},
  author={Pan, Rui and Wang, Hansheng and Li, Runze},
  journal={Journal of the American Statistical Association},
  volume={111},
  number={513},
  pages={169--179},
  year={2016},
  publisher={Taylor \& Francis}
}

@article{cheng2017robust,
  title={Robust Rank Screening for Ultrahigh Dimensional Discriminant Analysis},
  author={Cheng, Guosheng and Li, Xingxiang and Lai, Peng and Song, Fengli and Yu, Jun},
  journal={Statistics and Computing},
  volume={27},
  number={2},
  pages={535--545},
  year={2017},
  publisher={Springer}
}

@article{sheng2020model,
  title={Model-free Feature Screening for Ultrahigh Dimensional Classification},
  author={Sheng, Ying and Wang, Qihua},
  journal={Journal of Multivariate Analysis},
  volume={178},
  pages={104618},
  year={2020},
  publisher={Elsevier}
}

@article{szekely2005new,
  title={A New Test for Multivariate Normality},
  author={Sz{\'e}kely, G{\'a}bor J and Rizzo, Maria L},
  journal={Journal of Multivariate Analysis},
  volume={93},
  number={1},
  pages={58--80},
  year={2005},
  publisher={Elsevier}
}

@article{pfister2016kernel,
  title={Kernel-based Tests for Joint Independence},
  author={Pfister, Niklas and B{\"u}hlmann, Peter and Sch{\"o}lkopf, Bernhard and Peters, Jonas},
  journal={arXiv preprint arXiv:1603.00285},
  year={2016}
}

@misc{roy2020,
      title={On Generalizations of Some Distance Based Classifiers for HDLSS Data}, 
      author={Sarbojit Roy and Soham Sarkar and Subhajit Dutta and Anil K. Ghosh},
      year={2020},
      eprint={1902.03295},
      archivePrefix={arXiv},
      primaryClass={stat.ME}
}

@article{lu2011optimal,
  title={Optimal nonbipartite matching and its statistical applications},
  author={Lu, Bo and Greevy, Robert and Xu, Xinyi and Beck, Cole},
  journal={The American Statistician},
  volume={65},
  number={1},
  pages={21--30},
  year={2011},
  publisher={Taylor \& Francis}
}

@article{szekely2004testing,
  title={Testing for equal distributions in high dimension},
  author={Sz{\'e}kely, G{\'a}bor J and Rizzo, Maria L and others},
  journal={InterStat},
  volume={5},
  number={16.10},
  pages={1249--1272},
  year={2004},
  publisher={Citeseer}
}

@article{DUTTA201482,
title = {A non-Gaussian multivariate distribution with all lower-dimensional Gaussians and related families},
journal = {Journal of Multivariate Analysis},
volume = {132},
pages = {82-93},
year = {2014},
issn = {0047-259X},
doi = {https://doi.org/10.1016/j.jmva.2014.07.007},
url = {https://www.sciencedirect.com/science/article/pii/S0047259X1400164X},
author = {Subhajit Dutta and Marc G. Genton},
keywords = {Distribution of products of random variables, Half-normal distribution, Sign function, Skewed distributions, Symmetric distributions},
abstract = {Several fascinating examples of non-Gaussian bivariate distributions which have marginal distribution functions to be Gaussian have been proposed in the literature. These examples often clarify several properties associated with the normal distribution. In this paper, we generalize this result in the sense that we construct a p-dimensional distribution for which any proper subset of its components has the Gaussian distribution. However, the jointp-dimensional distribution is inconsistent with the distribution of these subsets because it is not Gaussian. We study the probabilistic properties of this non-Gaussian multivariate distribution in detail. Interestingly, several popular tests of multivariate normality fail to identify this p-dimensional distribution as non-Gaussian. We further extend our construction to a class of elliptically contoured distributions as well as skewed distributions arising from selections, for instance the multivariate skew-normal distribution.}
}

@inproceedings{NIPS2004_5e751896,
 author = {Guyon, Isabelle and Gunn, Steve and Ben-Hur, Asa and Dror, Gideon},
 booktitle = {Advances in Neural Information Processing Systems},
 editor = {L. Saul and Y. Weiss and L. Bottou},
 pages = {},
 publisher = {MIT Press},
 title = {Result Analysis of the NIPS 2003 Feature Selection Challenge},
 url = {https://proceedings.neurips.cc/paper/2004/file/5e751896e527c862bf67251a474b3819-Paper.pdf},
 volume = {17},
 year = {2005}
}

@incollection{john1994irrelevant,
  title={Irrelevant features and the subset selection problem},
  author={John, George H and Kohavi, Ron and Pfleger, Karl},
  booktitle={Machine learning proceedings 1994},
  pages={121--129},
  year={1994},
  publisher={Elsevier}
}

@ARTICLE{Bittner2000,

author = {M. Bittner and P. Meltzer and Y. Chen and Y. Jiang and E. Seftor and M. Hendrix and M. Radmacher and R. Simon and Z. Yakhini and A. Ben-Dor and N. Sampas and E. Dougherty and E. Wang and F. Marincola and C. Gooden and J. Lueders and A. Glatfelter and P. Pollock and J. Carpten and E. Gillanders and D. Leja and K. Dietrich and C. Beaudry and M. Berens and D. Alberts and V. Sondak},

title = {Molecular classification of cutaneous malignant melanoma by gene expression profiling.},

journal = {Nature},

year = {2000},

volume = {406},

pages = {536--540},

number = {6795},

month = {Aug},

doi = {10.1038/35020115},

url = {http://dx.doi.org/10.1038/35020115}

}

@book{boucheron2013concentration,
  title={Concentration inequalities: A nonasymptotic theory of independence},
  author={Boucheron, St{\'e}phane and Lugosi, G{\'a}bor and Massart, Pascal},
  year={2013},
  publisher={Oxford University Press}
}

@inproceedings{li2020projective,
  title={On a projective ensemble approach to two sample test for equality of distributions},
  author={Li, Zhimei and Zhang, Yaowu},
  booktitle={International Conference on Machine Learning},
  pages={6020--6027},
  year={2020},
  organization={PMLR}
}

@article{kim2020robust,
  title={Robust multivariate nonparametric tests via projection averaging},
  author={Kim, Ilmun and Balakrishnan, Sivaraman and Wasserman, Larry},
  journal={The Annals of Statistics},
  volume={48},
  number={6},
  pages={3417--3441},
  year={2020},
  publisher={Institute of Mathematical Statistics}
}

@article{biswas2014nonparametric,
  title={A nonparametric two-sample test applicable to high dimensional data},
  author={Biswas, Munmun and Ghosh, Anil K},
  journal={Journal of Multivariate Analysis},
  volume={123},
  pages={160--171},
  year={2014},
  publisher={Elsevier}
}

@article{dutta2016some,
  title={On some transformations of high dimension, low sample size data for nearest neighbor classification},
  author={Dutta, Subhajit and Ghosh, Anil K},
  journal={Machine Learning},
  volume={102},
  number={1},
  pages={57--83},
  year={2016},
  publisher={Springer}
}

@book{bishop1995neural,
	title={Neural Networks for Pattern Recognition},
	author={Bishop, Christopher M.},
	year={1995},
	publisher={Oxford University Press}
}

@article{Qiu2021,
author = {Qiu, Tao and Xu, Wangli and Zhu, Liping},
year = {2021},
month = {01},
pages = {},
title = {A robust and nonparametric two-sample test in high dimensions},
journal = {Statistica Sinica},
doi = {10.5705/ss.202019.0170}
}

@book{vershynin2018high,
  title={High-dimensional Probability: An Introduction with Applications in Data Science},
  author={Vershynin, Roman},
  volume={47},
  year={2018},
  publisher={Cambridge University Press}
}

@inproceedings{dedieu2019error,
  title={Error bounds for sparse classifiers in high-dimensions},
  author={Dedieu, Antoine},
  booktitle={The 22nd International Conference on Artificial Intelligence and Statistics},
  pages={48--56},
  year={2019},
  organization={PMLR}
}

@article{thrampoulidis2020theoretical,
  title={Theoretical Insights Into Multiclass Classification: A high-dimensional Asymptotic View},
  author={Thrampoulidis, Christos},
  journal={Neural Information Processing Systems (NeuRIPS 2020)},
  year={2020}
}

@article{globerson2005metric,
  title={Metric learning by collapsing classes},
  author={Globerson, Amir and Roweis, Sam},
  journal={Advances in Neural Information Processing Systems},
  volume={18},
  pages={451--458},
  year={2005},
  publisher={Citeseer}
}

@article{tomavsev2014hubness,
  title={Hubness-based fuzzy measures for high-dimensional k-nearest neighbor classification},
  author={Toma{\v{s}}ev, Nenad and Radovanovi{\'c}, Milo{\v{s}} and Mladeni{\'c}, Dunja and Ivanovi{\'c}, Mirjana},
  journal={International Journal of Machine Learning and Cybernetics},
  volume={5},
  number={3},
  pages={445--458},
  year={2014},
  publisher={Springer}
}

@article{weinberger2009distance,
  title={Distance metric learning for large margin nearest neighbor classification.},
  author={Weinberger, Kilian Q and Saul, Lawrence K},
  journal={Journal of Machine Learning Research},
  volume={10},
  number={2},
  year={2009}
}

@book{wainwright2019high,
  title={High-dimensional Statistics: A Non-asymptotic Viewpoint},
  author={Wainwright, Martin J},
  Volume={48},
  year={2019},
  publisher={Cambridge University Press}
}
